01REMESSA01COBRANCA       00000000000003201930TESTE EMPRESA LETS            237BRADESCO       07062300000000MX0000020                                                                                                                                                                                                                                                                      070623         000001
1000000000000000000000390154202546921                         0000000000005000004500000000001N0000000000000006CANCELAR-105062300000000000060000000001A070623000000006000000000000000000000000000000000000000000000000000000100008866966584THIAGO FISICO                                                070623             PITUBA      41830630SALVADOR                                                    000002
9                                                                     006                                                                                                                                                                                                                                                                                                                                 000003