02RETORNO01COBRANCA       00000000000003201950EMPRESA NFCE MS FILIAL 2      237BRADESCO       0906230160000000467                                                                                                                                                                                                                                                                                         000001
1029812754950001870000390154202546921                         0000000000005000000300000000001N0000000000000006090623TESTE     00000000000500000030906230000000000100023712951  000000000000000000000000000000000000000000000000000000000000000000000000000000000000000100000000000000000000000000000   090623             00000000000000                                                                  000002
9201237          000000010000000000100000000001          00000000000000000000000000000000000000000000000000000000000000000000000000000000000000000000000000000000000000000000000000000000000                                                                                                                                                                              00000000000000000000000         000003