02RETORNO01COBRANCA       00000000000000952638EMPRESA NFCE MS FILIAL 2      237BRADESCO       1307230160000000467                                                                                                                                                                                                                                                                          130723         000001
1029812754950001870000390129500270012                         000000000000500000410000000000000000000000000003130723          00000000000500000417306230000000000130723712951  000000000000000000000000000000000000000000000000000000000000000000000000000000000000000100000000000000000000000000000   130723             00000000000000                                                                  000002
9201237          000000010000000000100000000001          00000000000000000000000000000000000000000000000000000000000000000000000000000000000000000000000000000000000000000000000000000000000                                                                                                                                                                              00000000000000000000000         000003