02RETORNO01COBRANCA       00000000000003201966EMPRESA NFCE MS FILIAL 2      237BRADESCO       1004230160000000467                                                                                                                                                                                                                                                                          100423         000001
1029225806900013800000390129500270012                         0000000000005000005P0000000000000000000000000006100423hoje      000000000005000005P0105170000000001000023712951  000000000000000000000000000000000000000000000000000000000000000000000000000000000000001000000000000000000000000000000   100423             00000000000000                                                                  000002
9201237          000000010000000001000000000001          00000000000000000000000000000000000000000000000000000000000000000000000000000000000000000000000000000000000000000000000000000000000                                                                                                                                                                              00000000000000000000000         000003