00100000         2308905070001292345                0111110000022222222 EMPRESA NFCE MS               BANCO DO BRASIL S.A.                    11105202304593000004110306250PIX                                                                  
00100011C1045046 2308905070001292345                0111110000022222222 EMPRESA NFCE MS                                                       OUTROS                        00525               CAMPO GRANDE        79031010MS01                
0010001300001A0000090000302520000000303274 ACEVILLE TRANSPORTES LTDA     PIX-DADOSBANCARIOS3-11052023BRL000000000000000000000000003002                    00000000000000000000000                                               01   0          
0010001300002B   200000000000000AVENIDA                       00000                                                  07232150SP1105202300000000000300200000000000000000000000000000000000000000000000000000000000081560047000705 600000000000000
00100015         000004000000000000003002000000000003002000000000                                                                                                                                                                               
00199999         000001000006000000                                                                                                                                                                                                             
