00100000         230890507000129471                 0111110000022222222 EMPRESA NFCE MS               BANCO DO BRASIL S.A.                    11705202311553300002410306250PIX                                                                  
00100011C1047046 230890507000129471                 0111110000022222222 EMPRESA NFCE MS                                                       OUTROS                        00525               CAMPO GRANDE        79031010MS01                
0010001300001J00000000000000000000000000000000000000000000000ACEVILLE TRANSPORTES LTDA     170520230000000000030000000000000000000000000000000001705202300000000000300000000000000000000000000000PPPIIXX-1                    09                
0010001300002J 00522030890507000129EMPRESA NFCE MS                         2081560047000705ACEVILLE TRANSPORTES LTDA               08866966584                                                                                                  
00100015         000004000000000000003000000000000003000000000000                                                                                                                                                                               
00199999         000001000006000000                                                                                                                                                                                                             
