23700000         20151210400812295296               03578 0000002374637 EMPRESA NFCE MS               BANCO BRADESCO S.A.                     12410202305225900000208906250                                                                     
23700011C2031040 20151210400812295296               03578 0000002374637 EMPRESA NFCE MS                                                       OUTROS                        00525               CAMPO GRANDE        79031010MS                  
2370001300001J00042342423432243252352422423424242325252424324ADEMIR MOREIRA                2410202300000000000500000000000000000000000000000000024102023000000000005000000000000000000000000000000000222-1                    09      00        
2370001300002J 00522001512104008122EMPRESA NFCE MS                         1000004985884910ADEMIR MOREIRA                          0000000000000000                                                                                             
23700015         000004000000000000005000000000000000000000000000                                                                                                                                                                               
23799999         000001000006000000                                                                                                                                                                                                             
